%% This BibTeX bibliography file was created using BibDesk.
%% http://bibdesk.sourceforge.net/


%% Created for Ashkan Alinejad  at 2017-10-24 13:19:21 -0700 


%% Saved with string encoding Unicode (UTF-8) 



@book{Goldberg:2017:NNM,
	Author = {Goldberg, Yoav and Hirst, Graeme},
	Date-Modified = {2017-10-24 20:19:21 +0000},
	Isbn = {1627052984, 9781627052986},
	Publisher = {Morgan \& Claypool Publishers},
	Title = {Neural Network Methods in Natural Language Processing},
	Year = {2017}}

@article{Chrisman:1991:EncDec,
author = {Chrisman, Lonnie},
title = {Learning Recursive Distributed Representations for Holistic Computation},
journal = {Connection Science},
volume = {3},
number = {4},
pages = {345-366},
year  = {1991},
publisher = {Taylor & Francis},
doi = {10.1080/09540099108946592},
URL = {http://dx.doi.org/10.1080/09540099108946592},
eprint = {http://dx.doi.org/10.1080/09540099108946592}
}

@inproceedings{Sutskever:2014:NIPS,
 author = {Sutskever, Ilya and Vinyals, Oriol and Le, Quoc V.},
 title = {Sequence to Sequence Learning with Neural Networks},
 booktitle = {Proceedings of the 27th International Conference on Neural Information Processing Systems - Volume 2},
 series = {NIPS'14},
 year = {2014},
 location = {Montreal, Canada},
 pages = {3104--3112},
 numpages = {9},
 url = {http://dl.acm.org/citation.cfm?id=2969033.2969173},
 acmid = {2969173},
 publisher = {MIT Press},
 address = {Cambridge, MA, USA},
} 

@article{Bahdanau:2014:Attention,
  author    = {Bahdanau, Dzmitry and
               Cho, Kyunghyun and
               Bengio, Yoshua},
  title     = {Neural Machine Translation by Jointly Learning to Align and Translate},
  journal   = {CoRR},
  volume    = {abs/1409.0473},
  year      = {2014},
  url       = {http://arxiv.org/abs/1409.0473},
  archivePrefix = {arXiv},
  eprint    = {1409.0473},
  timestamp = {Wed, 07 Jun 2017 14:40:19 +0200},
  biburl    = {http://dblp.org/rec/bib/journals/corr/BahdanauCB14},
  bibsource = {dblp computer science bibliography, http://dblp.org}
}

@INPROCEEDINGS{cho:2014:emnlp,
     author = {Cho, Kyunghyun and Merri{\"{e}}nboer, Bart van and G{\"{u}}l{\c c}ehre, {\c C}aglar and Bahdanau, Dzmitry and Bougares, Fethi and Schwenk, Holger and Bengio, Yoshua},
      month = oct,
      title = {Learning Phrase Representations using RNN Encoder--Decoder for Statistical Machine Translation},
  booktitle = {Proceedings of the 2014 Conference on Empirical Methods in Natural Language Processing (EMNLP)},
       year = {2014},
      pages = {1724--1734},
  publisher = {Association for Computational Linguistics},
    address = {Doha, Qatar},
        url = {http://www.aclweb.org/anthology/D14-1179}
}

@article{zachary:2015:arxive,
  author    = {Lipton, Zachary Chase},
  title     = {A Critical Review of Recurrent Neural Networks for Sequence Learning},
  journal   = {CoRR},
  volume    = {abs/1506.00019},
  year      = {2015},
  url       = {http://arxiv.org/abs/1506.00019},
  archivePrefix = {arXiv},
  eprint    = {1506.00019},
  timestamp = {Wed, 07 Jun 2017 14:40:13 +0200},
  biburl    = {http://dblp.org/rec/bib/journals/corr/Lipton15},
  bibsource = {dblp computer science bibliography, http://dblp.org}
}

@article{Hochreiter:1997:LSM,
 author = {Hochreiter, Sepp and Schmidhuber, J\"{u}rgen},
 title = {Long Short-Term Memory},
 journal = {Neural Comput.},
 issue_date = {November 15, 1997},
 volume = {9},
 number = {8},
 month = nov,
 year = {1997},
 issn = {0899-7667},
 pages = {1735--1780},
 numpages = {46},
 url = {http://dx.doi.org/10.1162/neco.1997.9.8.1735},
 doi = {10.1162/neco.1997.9.8.1735},
 acmid = {1246450},
 publisher = {MIT Press},
 address = {Cambridge, MA, USA},
} 

@inproceedings{werbos:1990:IEEE,
  added-at = {2008-03-11T14:52:34.000+0100},
  author = {Werbos, Paul J.},
  biburl = {https://www.bibsonomy.org/bibtex/2062450f0f2629f8746f7c0e54922b0cc/idsia},
  booktitle = {Proceedings of IEEE},
  citeulike-article-id = {2380325},
  interhash = {00557ce797fc197789230a80f431dc10},
  intrahash = {062450f0f2629f8746f7c0e54922b0cc},
  keywords = {inaki},
  number = 10,
  pages = {1550--1560},
  priority = {2},
  timestamp = {2008-03-11T14:56:15.000+0100},
  title = {Backpropagation through time: what does it do and how to do it},
  volume = 78,
  year = 1990
}

@article{Bengio:1994:LLD,
 author = {Bengio, Yoshua and Simard, Patrice and Frasconi, Paolo},
 title = {Learning Long-term Dependencies with Gradient Descent is Difficult},
 journal = {Trans. Neur. Netw.},
 issue_date = {March 1994},
 volume = {5},
 number = {2},
 month = mar,
 year = {1994},
 issn = {1045-9227},
 pages = {157--166},
 numpages = {10},
 url = {http://dx.doi.org/10.1109/72.279181},
 doi = {10.1109/72.279181},
 acmid = {2328340},
 publisher = {IEEE Press},
 address = {Piscataway, NJ, USA},
} 

@article{Schuster:1997:BRNN,
 author = {Schuster, Mike and Paliwal, Kuldip K.},
 title = {Bidirectional Recurrent Neural Networks},
 journal = {Trans. Sig. Proc.},
 issue_date = {November 1997},
 volume = {45},
 number = {11},
 month = nov,
 year = {1997},
 issn = {1053-587X},
 pages = {2673--2681},
 numpages = {9},
 url = {http://dx.doi.org/10.1109/78.650093},
 doi = {10.1109/78.650093},
 acmid = {2205129},
 publisher = {IEEE Press},
 address = {Piscataway, NJ, USA},
} 

@inproceedings{martens:2011:ICML,
  title={Learning recurrent neural networks with hessian-free optimization},
  author={Martens, James and Sutskever, Ilya},
  booktitle={Proceedings of the 28th International Conference on Machine Learning (ICML-11)},
  pages={1033--1040},
  year={2011}
}

@article{Gers:2000:LFC,
 author = {Gers, Felix A. and Schmidhuber, J\"{u}rgen A. and Cummins, Fred A.},
 title = {Learning to Forget: Continual Prediction with LSTM},
 journal = {Neural Comput.},
 issue_date = {October 2000},
 volume = {12},
 number = {10},
 month = oct,
 year = {2000},
 issn = {0899-7667},
 pages = {2451--2471},
 numpages = {21},
 url = {http://dx.doi.org/10.1162/089976600300015015},
 doi = {10.1162/089976600300015015},
 acmid = {1121915},
 publisher = {MIT Press},
 address = {Cambridge, MA, USA},
} 

@article{cho:2014:arxive,
  author    = {Cho, KyungHyun and
               Merrienboer, Bart van and
               Bahdanau, Dzmitry and
               Bengio, Yoshua},
  title     = {On the Properties of Neural Machine Translation: Encoder-Decoder Approaches},
  journal   = {CoRR},
  volume    = {abs/1409.1259},
  year      = {2014},
  url       = {http://arxiv.org/abs/1409.1259},
  archivePrefix = {arXiv},
  eprint    = {1409.1259},
  timestamp = {Wed, 07 Jun 2017 14:42:33 +0200},
  biburl    = {http://dblp.org/rec/bib/journals/corr/ChoMBB14},
  bibsource = {dblp computer science bibliography, http://dblp.org}
}

@inproceedings{Jozefowicz:2015:ICML,
 author = {Jozefowicz, Rafal and Zaremba, Wojciech and Sutskever, Ilya},
 title = {An Empirical Exploration of Recurrent Network Architectures},
 booktitle = {Proceedings of the 32Nd International Conference on International Conference on Machine Learning - Volume 37},
 series = {ICML'15},
 year = {2015},
 location = {Lille, France},
 pages = {2342--2350},
 numpages = {9},
 url = {http://dl.acm.org/citation.cfm?id=3045118.3045367},
 acmid = {3045367},
 publisher = {JMLR.org},
} 

@article{harsh:2016:ICML,
	Address = {New York, NY, USA},
	Author = {Satija, Harsh and Pineau, Joelle},
	Date-Added = {2017-11-26 05:23:39 +0000},
	Date-Modified = {2017-11-26 05:36:28 +0000},
	Journal = {Abstraction in Reinforcement Learning Workshop, ICML 2016},
	Month = {June},
	Number = {33},
	Title = {Simultaneous Machine Translation using Deep Reinforcement Learning},
	Year = {2016}}
	
@article{cho:2016:Arxive,
	Archiveprefix = {arXiv},
	Author = {Cho, Kyunghyun and Esipova, Masha},
	Bibsource = {dblp computer science bibliography, http://dblp.org},
	Eprint = {1606.02012},
	Journal = {CoRR},
	Timestamp = {Wed, 07 Jun 2017 14:42:19 +0200},
	Title = {Can neural machine translation do simultaneous translation?},
	Url = {http://arxiv.org/abs/1606.02012},
	Volume = {abs/1606.02012},
	Year = {2016},
	Bdsk-Url-1 = {http://arxiv.org/abs/1606.02012}}
	
@inproceedings{mieno:2015:interspeech,
  title={Speed or accuracy? a study in evaluation of simultaneous speech translation},
  author={Mieno, Takashi and Neubig, Graham and Sakti, Sakriani and Toda, Tomoki and Nakamura, Satoshi},
  booktitle={Sixteenth Annual Conference of the International Speech Communication Association},
  year={2015}
}

@inproceedings{hovy:1999:toward,
    author = {Hovy, Eduard},
    booktitle = {Proceedings of the EAGLES Workshop on Standards and Evaluation},
    pages = {127--133},
    posted-at = {2011-03-06 14:40:33},
    priority = {2},
    title = {{Toward finely differentiated evaluation metrics for machine translation}},
    year = {1999}
}

@inproceedings{Papineni:2002:ACL,
 author = {Papineni, Kishore and Roukos, Salim and Ward, Todd and Zhu, Wei-Jing},
 title = {BLEU: A Method for Automatic Evaluation of Machine Translation},
 booktitle = {Proceedings of the 40th Annual Meeting on Association for Computational Linguistics},
 series = {ACL '02},
 year = {2002},
 location = {Philadelphia, Pennsylvania},
 pages = {311--318},
 numpages = {8},
 url = {https://doi.org/10.3115/1073083.1073135},
 doi = {10.3115/1073083.1073135},
 acmid = {1073135},
 publisher = {Association for Computational Linguistics},
 address = {Stroudsburg, PA, USA},
} 

@inproceedings{chen:2014:ACL,
  author    = {Chen, Boxing and Cherry, Colin},
  title     = {A Systematic Comparison of Smoothing Techniques for Sentence-Level
               {BLEU}},
  booktitle = {Proceedings of the Ninth Workshop on Statistical Machine Translation,
               WMT@ACL 2014, June 26-27, 2014, Baltimore, Maryland, {USA}},
  pages     = {362--367},
  year      = {2014},
  url       = {http://aclweb.org/anthology/W/W14/W14-3346.pdf},
  timestamp = {Wed, 14 Sep 2016 09:27:41 +0200},
}

@inproceedings{gu:2017:EACL,
	Address = {Valencia, Spain},
	Author = {Gu, Jiatao and Neubig, Graham and Cho, Kyunghyun and Li, Victor O.K.},
	Booktitle = {15th Conference of the European Chapter of the Association for Computational Linguistics (EACL)},
	Month = {April},
	Title = {Learning to Translate in Real-time with Neural Machine Translation},
	Url = {http://www.phontron.com/paper/gu17eacl.pdf},
	Year = {2017},
	Bdsk-Url-1 = {http://www.phontron.com/paper/gu17eacl.pdf}}
	
@INPROCEEDINGS{Williams:1992:ML,
    author = {Williams, Ronald J.},
    title = {Simple statistical gradient-following algorithms for connectionist reinforcement learning},
    booktitle = {Machine Learning},
    year = {1992},
    pages = {229--256}
}

@inproceedings{Lin:2004:ACL,
 author = {Lin, Chin-Yew and Och, Franz Josef},
 title = {Automatic Evaluation of Machine Translation Quality Using Longest Common Subsequence and Skip-bigram Statistics},
 booktitle = {Proceedings of the 42Nd Annual Meeting on Association for Computational Linguistics},
 series = {ACL '04},
 year = {2004},
 location = {Barcelona, Spain},
 articleno = {605},
 url = {https://doi.org/10.3115/1218955.1219032},
 doi = {10.3115/1218955.1219032},
 acmid = {1219032},
 publisher = {Association for Computational Linguistics},
 address = {Stroudsburg, PA, USA},
} 

@article{mnih:2015:nature,
    Author = {Mnih, Volodymyr and Kavukcuoglu, Koray and Silver, David and Rusu, Andrei A. and Veness, Joel and Bellemare, Marc G. and Graves, Alex and Riedmiller, Martin and Fidjeland, Andreas K. and Ostrovski, Georg and Petersen, Stig and Beattie, Charles and Sadik, Amir and Antonoglou, Ioannis and King, Helen and Kumaran, Dharshan and Wierstra, Daan and Legg, Shane and Hassabis, Demis},
    Day = {26},
    Journal = {Nature},
    Month = {02},
    Number = {7540},
    Pages = {529--533},
    Title = {Human-level control through deep reinforcement learning},
    Url = {http://dx.doi.org/10.1038/nature14236},
    Volume = {518},
    Year = {2015},
}

@article{zeiler:2012:arxive,
  author    = {Zeiler, Matthew D.},
  title     = {{ADADELTA:} An Adaptive Learning Rate Method},
  journal   = {CoRR},
  volume    = {abs/1212.5701},
  year      = {2012},
  url       = {http://arxiv.org/abs/1212.5701},
  archivePrefix = {arXiv},
  eprint    = {1212.5701},
  timestamp = {Wed, 07 Jun 2017 14:43:02 +0200},
  biburl    = {http://dblp.org/rec/bib/journals/corr/abs-1212-5701},
  bibsource = {dblp computer science bibliography, http://dblp.org}
}

@article{Firat:2017:CSL,
 author = {Firat, Orhan and Cho, Kyunghyun and Sankaran, Baskaran and Yarman Vural, Fatos T. and Bengio, Yoshua},
 title = {Multi-way, Multilingual Neural Machine Translation},
 journal = {Comput. Speech Lang.},
 issue_date = {September 2017},
 volume = {45},
 number = {C},
 month = sep,
 year = {2017},
 issn = {0885-2308},
 pages = {236--252},
 numpages = {17},
 url = {https://doi.org/10.1016/j.csl.2016.10.006},
 doi = {10.1016/j.csl.2016.10.006},
 acmid = {3103748},
 publisher = {Academic Press Ltd.},
 address = {London, UK, UK},
 keywords = {Low resource translation, Multi-lingual, Neural machine translation},
} 

@article{Kingma:2014:arxive,
  author    = {Kingma, Diederik P. and Ba, Jimmy},
  title     = {Adam: {A} Method for Stochastic Optimization},
  journal   = {CoRR},
  volume    = {abs/1412.6980},
  year      = {2014},
  url       = {http://arxiv.org/abs/1412.6980},
  archivePrefix = {arXiv},
  eprint    = {1412.6980},
  timestamp = {Wed, 07 Jun 2017 14:40:52 +0200},
  biburl    = {http://dblp.org/rec/bib/journals/corr/KingmaB14},
  bibsource = {dblp computer science bibliography, http://dblp.org}
}

@inproceedings{Bangalore:2012:NAACL,
 author = {Bangalore, Srinivas and Rangarajan Sridhar, Vivek Kumar and Kolan, Prakash and Golipour, Ladan and Jimenez, Aura},
 title = {Real-time Incremental Speech-to-speech Translation of Dialogs},
 booktitle = {Proceedings of the 2012 Conference of the North American Chapter of the Association for Computational Linguistics: Human Language Technologies},
 series = {NAACL HLT '12},
 year = {2012},
 isbn = {978-1-937284-20-6},
 location = {Montreal, Canada},
 pages = {437--445},
 numpages = {9},
 url = {http://dl.acm.org/citation.cfm?id=2382029.2382090},
 acmid = {2382090},
 publisher = {Association for Computational Linguistics},
 address = {Stroudsburg, PA, USA},
}

@article{Fugen:2007:MT,
 ISSN = {09226567, 15730573},
 URL = {http://www.jstor.org/stable/30219116},
 author = {F\"ugen, Christian and Waibel, Alex and Kolss, Muntsin},
 journal = {Machine Translation},
 number = {4},
 pages = {209-252},
 publisher = {Springer},
 title = {Simultaneous Translation of Lectures and Speeches},
 volume = {21},
 year = {2007}
}

@article{doring:2003:ICCS,
	Author = {Konieczny, Lars and D{\"o}ring, Philip},
	Date-Added = {2018-01-02 06:55:08 +0000},
	Date-Modified = {2018-01-02 06:59:20 +0000},
	Journal = {Proceedings of the 4th International Conference on Cognitive Science},
	Pages = {330-335},
	Title = {Anticipation of clause-final heads. Evidence from eye-tracking and SRNs.},
	Year = {2003}}
	
@article{matsubarayx:2000:NLP,
  title={Simultaneous Japanese-English interpretation based on early prediction of English verb.},
  author={Matsubara, S and Iwashima, K and Kawaguchi, N and Toyama, K and Inagaki, Y},
  journal = {Symposium on Natural Language Processing.}
}

@inproceedings{Grissom:2014:EMNLP,
    Title = {Don't Until the Final Verb Wait: Reinforcement Learning for Simultaneous Machine Translation}, 
    Booktitle = {Empirical Methods in Natural Language Processing},
    Author = {Grissom II, Alvin and He, He and Boyd-Graber, Jordan and Morgan, John and {Daum\'e III}, Hal},
    Year = {2014},
    Location = {Doha, Qatar} }
    
@inproceedings{he:2015:EMNLP,
  title={Syntax-based rewriting for simultaneous machine translation},
  author={He, He and Grissom II, Alvin and Morgan, John and Boyd-Graber, Jordan and Daum{\'e} III, Hal},
  booktitle={Proceedings of the 2015 Conference on Empirical Methods in Natural Language Processing},
  pages={55--64},
  year={2015}
}

@article{Gage:1994:Cusers,
 author = {Gage, Philip},
 title = {A New Algorithm for Data Compression},
 journal = {C Users J.},
 issue_date = {Feb. 1994},
 volume = {12},
 number = {2},
 month = feb,
 year = {1994},
 issn = {0898-9788},
 pages = {23--38},
 numpages = {16},
 url = {http://dl.acm.org/citation.cfm?id=177910.177914},
 acmid = {177914},
 publisher = {R \& D Publications, Inc.},
 address = {Lawrence, KS, USA},
} 