
@inproceedings{gu:2017:EACL,
    title = {Learning to Translate in Real-time with Neural Machine Translation},
    author = {Jiatao Gu and Graham Neubig and Kyunghyun Cho and Victor O.K. Li},
    booktitle = {15th Conference of the European Chapter of the Association for Computational Linguistics (EACL)},
    address = {Valencia, Spain},
    month = {April},
    url = {http://www.phontron.com/paper/gu17eacl.pdf},
    year = {2017}
}

@article{cho:2016:Arxive,
  author    = {Kyunghyun Cho and
               Masha Esipova},
  title     = {Can neural machine translation do simultaneous translation?},
  journal   = {CoRR},
  volume    = {abs/1606.02012},
  year      = {2016},
  url       = {http://arxiv.org/abs/1606.02012},
  archivePrefix = {arXiv},
  eprint    = {1606.02012},
  timestamp = {Wed, 07 Jun 2017 14:42:19 +0200},
  bibsource = {dblp computer science bibliography, http://dblp.org}
}

@InProceedings{luong:2015:EMNLP,
  author    = {Luong, Minh-Thang  and  Pham, Hieu  and  Manning, Christopher D.},
  title     = {Effective Approaches to Attention-based Neural Machine Translation},
  booktitle = {Proceedings of the 2015 Conference on Empirical Methods in Natural Language Processing},
  month     = {September},
  year      = {2015},
  address   = {Lisbon, Portugal},
  publisher = {Association for Computational Linguistics},
  pages     = {1412--1421},
  url       = {http://aclweb.org/anthology/D15-1166}
}

