%% This BibTeX bibliography file was created using BibDesk.
%% http://bibdesk.sourceforge.net/


%% Created for Ashkan Alinejad  at 2017-10-24 13:19:21 -0700 


%% Saved with string encoding Unicode (UTF-8) 



@book{Goldberg:2017:NNM,
	Author = {Goldberg, Yoav and Hirst, Graeme},
	Date-Modified = {2017-10-24 20:19:21 +0000},
	Isbn = {1627052984, 9781627052986},
	Publisher = {Morgan \& Claypool Publishers},
	Title = {Neural Network Methods in Natural Language Processing},
	Year = {2017}}

@article{Chrisman:1991:EncDec,
author = {Chrisman, Lonnie},
title = {Learning Recursive Distributed Representations for Holistic Computation},
journal = {Connection Science},
volume = {3},
number = {4},
pages = {345-366},
year  = {1991},
publisher = {Taylor & Francis},
doi = {10.1080/09540099108946592},
URL = {http://dx.doi.org/10.1080/09540099108946592},
eprint = {http://dx.doi.org/10.1080/09540099108946592}
}

@inproceedings{Sutskever:2014:NIPS,
 author = {Sutskever, Ilya and Vinyals, Oriol and Le, Quoc V.},
 title = {Sequence to Sequence Learning with Neural Networks},
 booktitle = {Proceedings of the 27th International Conference on Neural Information Processing Systems - Volume 2},
 series = {NIPS'14},
 year = {2014},
 location = {Montreal, Canada},
 pages = {3104--3112},
 numpages = {9},
 url = {http://dl.acm.org/citation.cfm?id=2969033.2969173},
 acmid = {2969173},
 publisher = {MIT Press},
 address = {Cambridge, MA, USA},
} 

@article{Bahdanau:2014:Attention,
  author    = {Dzmitry Bahdanau and
               Kyunghyun Cho and
               Yoshua Bengio},
  title     = {Neural Machine Translation by Jointly Learning to Align and Translate},
  journal   = {CoRR},
  volume    = {abs/1409.0473},
  year      = {2014},
  url       = {http://arxiv.org/abs/1409.0473},
  archivePrefix = {arXiv},
  eprint    = {1409.0473},
  timestamp = {Wed, 07 Jun 2017 14:40:19 +0200},
  biburl    = {http://dblp.org/rec/bib/journals/corr/BahdanauCB14},
  bibsource = {dblp computer science bibliography, http://dblp.org}
}


